% This file was created with JabRef 2.9b2.
% Encoding: UTF-8

@PHDTHESIS{Roberts2014,
  author = {J. Roberts},
  title = {Advanced Response Matrix Methods for Full Core Analysis},
  school = {Massachusetts Institute of Technology},
  year = {2014}
}

@ARTICLE{RobertsDetran,
  author = {J.A. Roberts and B. Forget},
  title = {Multigroup Diffusion Preconditioners for Multiplying Fixed-Source
	Transport Problems},
  journal = {Submitted to Journal of Computational Physics},
  year = {2014},
  owner = {richard},
  quality = {1},
  timestamp = {2014.01.30}
}

@article{RobertsSerment,
  title={Solving Eigenvalue Response Matrix Equations with Nonlinear Techniques},
  author={Roberts, J. A. and Forget, B.},
  journal={Annals of Nuclear Energy (In Press)},
  volume = {69},
  month = {July},
  pages = {97-107},
  year={2014}
}

