@article{blandin2003development,
  title={Development of new sub-miniature fission chambers: Modelling and experimental tests},
  author={Blandin, Ch and Breaud, S and Vermeeren, L and Weber, M},
  journal={Progress in Nuclear Energy},
  volume={43},
  number={1},
  pages={349--355},
  year={2003},
  publisher={Elsevier}
}

@article{mcgregor2005micro,
  title={Micro-pocket fission detectors (MPFD) for in-core neutron flux monitoring},
  author={McGregor, Douglas S and Ohmes, Martin F and Ortiz, Rylan E and Ahmed, ASM Sabbir and Shultis, J Kenneth},
  journal={Nuclear Instruments and Methods in Physics Research Section A: Accelerators, Spectrometers, Detectors and Associated Equipment},
  volume={554},
  number={1},
  pages={494--499},
  year={2005},
  publisher={Elsevier}
}

@article{reichenberger2016micro,
  title={Micro-Pocket Fission Detectors (MPFDs) for in-core neutron detection},
  author={Reichenberger, Michael A and Unruh, Troy C and Ugorowski, Philip B and Ito, Takashi and Roberts, Jeremy A and Stevenson, Sarah R and Nichols, Daniel M and McGregor, Douglas S},
  journal={Annals of Nuclear Energy},
  volume={87},
  pages={318--323},
  year={2016},
  publisher={Elsevier}
}

@article{shultis2005determining,
  title={Determining axial fuel-rod power-density profiles from in-core neutron flux measurements},
  author={Shultis, J Kenneth},
  journal={Nuclear Instruments and Methods in Physics Research Section A: Accelerators, Spectrometers, Detectors and Associated Equipment},
  volume={547},
  number={2},
  pages={663--678},
  year={2005},
  publisher={Elsevier}
}

@misc{stammler1984methods,
  title={Methods of Steady-State Reactor Analysis in Nuclear Design},
  author={Stammler, RJ and Abbate, MJ},
  year={1984},
  publisher={Academic Press, New York, New York}
}

@article{reginatto1999maxed,
  title={MAXED, a computer code for maximum entropy deconvolution of multisphere neutron spectrometer data.},
  author={Reginatto, Marcel and Goldhagen, Paul},
  journal={Health Physics},
  volume={77},
  number={5},
  pages={579--583},
  year={1999},
  publisher={LWW}
}

@article{reginatto2002spectrum,
  title={Spectrum unfolding, sensitivity analysis and propagation of uncertainties with the maximum entropy deconvolution code MAXED},
  author={Reginatto, Marcel and Goldhagen, Paul and Neumann, Sonja},
  journal={Nuclear Instruments and Methods in Physics Research Section A: Accelerators, Spectrometers, Detectors and Associated Equipment},
  volume={476},
  number={1},
  pages={242--246},
  year={2002},
  publisher={Elsevier}
}

@article{itoh1989neutron,
  title={Neutron spectra unfolding with maximum entropy and maximum likelihood},
  author={Itoh, Shikoh and Tsunoda, Toshiharu},
  journal={Journal of Nuclear Science and Technology},
  volume={26},
  number={9},
  pages={833--843},
  year={1989},
  publisher={Taylor \& Francis}
}

@Misc{scipy,
  author =    {Jones, E. and Oliphant, T. and Peterson, P. and others},
  title =     {{SciPy}: Open source scientific tools for {Python}},
  year =      {2001--2016},
  url = "http://www.scipy.org/",
  note = {[Online; accessed 2016-11-02]}
}

@book{mueller2012lni,
  title={Linear and Nonlinear Inverse Problems with Practical Applications},
  author={Mueller, Jennifer L and Siltanen, Samuli},
  year={2012},
  publisher={SIAM}
}

@misc{nndc,
  title = {{National Nuclear Data Center}},
  howpublished = {\url{https://www.nndc.bnl.gov/}},
  note = {Accessed: 2017-07-03}
}


@inproceedings{kaiba2017cso,
  author      = {Kaiba, T. and Radulovic, V. and Fourmentel, D. and Barbot, L. and
                Destouches, Christophe and Zerovnik, G. and Snoj, L.},
  title       = {{Calculations to support to on‐line neutron spectrum 
                 adjustment by measurements with miniature fission chambers in the JSI TRIGA reactor}},
  booktitle   = {Proc. of ANIMMA 2017}                 
}

Calculations to support on‐line neutron spectrum adjustment by measurements with miniature fission chambers in the JSI TRIGA reactor
KAIBA Tanja, RADULOVIC Vladimir, FOURMENTEL Damien, BARBOT Loïc, DESTOUCHES Christophe, ŽEROVNIK Gašper, SNOJ Luka